5023 6409
2225 566 2652 629 ...39-

782 747 945 812 Flor.
989 748 1032 813 J
1036 748 1143 831 uL,
1188 749 1353 832 Aug.

777 883 943 950 Hab.
1030 884 1110 949 In
1174 884 1443 970 rupibus
1508 886 1652 952 altis
1705 888 1817 953 des
1872 887 2253 973 Urgebirges
2316 891 2406 955 im
2468 891 2802 956 sudlichen
2857 891 3134 958 Gebiete.
3235 893 3444 977 Gipfel
3507 894 3623 960 der
3681 895 3883 961 Babia
3939 895 4388 982 Gora-Alpen.

472 987 736 1071 Gegend
783 1006 909 1051 von
954 985 1133 1071 Spaa.
1220 987 1398 1052 Inter
1439 1008 1597 1053 saxa
1641 991 1752 1054 auf
1794 991 1919 1057 den
1962 992 2383 1076 bayerischen
2427 993 2638 1078 Alpen
2681 1013 2825 1058 raro
2870 993 3221 1079 (Bachalpe
3266 994 3369 1060 bei
3418 995 3786 1082 Oberstorf).

884 1124 1057 1189 Icon.
1102 1130 1141 1189 t.
1190 1126 1289 1191 68.
1375 1124 1607 1193 Planta
1647 1126 1901 1195 florens,
1995 1130 2050 1194 1.
2094 1128 2261 1195 Flos.

781 1311 1268 1399 Semper-vivum
1292 1310 1557 1383 wulfun!
1590 1313 1788 1400 Ηββθ.
1834 1316 1893 1381 S.
1917 1317 2295 1403 globiserum
2318 1316 2515 1381 Wulf.
2559 1317 2601 1381 J
2604 1338 2738 1402 acq.
2763 1325 2952 1384 austr.
2973 1319 3048 1385 V.
3074 1326 3114 1384 t.
3136 1321 3238 1384 40.
3284 1319 3502 1385 Sturm
3525 1320 3648 1405 VI,
3679 1323 3779 1388 23.
3828 1322 3966 1387 Bot.
3997 1324 4163 1408 Mag.
4192 1327 4383 1391 2115.

781 1449 1019 1515 Petalis
1049 1456 1112 1515 et
1139 1451 1368 1535 sepalis
1403 1453 1480 1515 12
1510 1453 1615 1518 vel
1645 1454 1961 1538 pluribus,
1990 1473 2135 1518 raro
2165 1454 2599 1537 paucioribus,
2623 1455 2901 1521 stellatis.
2963 1456 3266 1541 carpellis
3296 1460 3367 1522 in
3397 1456 3531 1523 basi
3555 1460 3871 1541 connatis,
3902 1459 4382 1545 divergsntibus

468 1559 539 1618 et
582 1551 1061 1637 assurgentibus
1104 1573 1299 1639 supra
1341 1554 1600 1638 oblique
1644 1559 1978 1640 truncatis,
2030 1558 2100 1621 in
2144 1558 2425 1640 margine
2468 1558 2629 1622 stilis
2673 1559 2942 1642 singulis
2993 1562 3360 1626 terminatis.
3452 1561 3645 1626 Foliis
3701 1563 3997 1627 rosulatis
4048 1566 4385 1648 utriusque

468 1655 735 1740 glabris,
777 1656 845 1719 in
885 1657 1171 1740 margine
1209 1658 1343 1722 solo
1388 1659 1630 1725 ciliatis.
1699 1660 1932 1727 Petalis
1968 1662 2268 1726 sulfureis
2304 1661 2410 1725 vel
2447 1661 3104 1747 flavovirescentibus,
3142 1665 3546 1742 lineraribus,
3592 1666 3663 1730 in
3712 1668 4007 1732 acumine
4049 1669 4382 1751 subulatis,

470 1759 658 1843 triplo
703 1777 897 1841 quam
941 1759 1163 1844 calyce
1206 1760 1614 1845 longioribus.
1703 1764 1995 1846 Squamis
2039 1765 2400 1849 hypogynis
2444 1765 2697 1841 erectiS‚
2739 1765 3351 1848 laminaeformibus,
3396 1786 3599 1851 paene
3644 1769 4119 1853 quadrangulis
4187 1770 4385 1836 Foliis

469 1862 766 1927 rosulatis
805 1863 1094 1947 oblongis
1133 1865 1445 1948 obovatis,
1492 1866 1703 1930 subito
1741 1867 1810 1930 in
1850 1886 2219 1932 mucronem
2259 1866 2658 1945 acuminatis,
2698 1868 2966 1951 glaucis,
3007 1869 3464 1935 vetustioribus
3502 1872 3573 1936 in
3609 1872 3907 1937 acumine
3956 1890 4090 1937 non
4132 1874 4381 1939 ciliatis.

470 1964 730 2032 Rosulis
772 1967 1046 2034 novellis
1089 1988 1219 2034 non
1264 1968 1566 2053 globosis,
1612 1969 1723 2033 sed
1766 1971 2144 2054 patentibus.
2231 1969 2596 2034 Altitudine
2645 1971 2914 2035 10—20
2960 1990 3078 2035 cm.

781 2122 945 2189 Flor.
991 2124 1148 2205 Ju1.,
1193 2125 1355 2209 Aug.

780 2279 948 2344 Hab.
1034 2277 1434 2362 Hocbalpen:
1483 2278 1804 2361 Engadin,
1850 2277 2190 2361 Puschlav,
2231 2277 2450 2360 Tyrol,
2495 2276 2849 2360 Karnthen,
2895 2276 3300 2364 Steiermark,
3346 2278 3670 2365 Salzburg.

881 2417 1051 2482 Icon.
1103 2422 1143 2480 t.
1189 2417 1288 2481 69.
1374 2416 1609 2485 Planta
1648 2413 1986 2481 florescens
2032 2431 2170 2481 oum
2211 2414 2435 2482 rosula
2476 2412 2750 2482 novella.
2845 2416 2896 2479 1.
2942 2414 3161 2481 Flores
3204 2416 3575 2500 complures.

780 2603 1267 2690 sumn-vuum
1314 2603 1529 2673 Funkll
1574 2603 1644 2673 Α.
1692 2603 1797 2671 ΒΓ.

779 2742 1017 2808 Petalis
1085 2742 1311 2807 iisdem
1375 2761 1451 2807 ac
1503 2740 1862 2825 praedictae
1921 2740 2156 2823 speciei
2224 2740 2580 2823 iisdemque
2641 2742 2706 2805 in
2771 2742 3143 2806 universum
3196 2742 3506 2827 carpellis.
3603 2743 3800 2810 Foliis
3864 2747 4158 2812 rosnlatis
4213 2749 4382 2813 infra

467 2847 1107 2931 glanduloso-pilosis
1168 2865 1297 2910 non
1359 2863 1662 2909 araneose
1718 2844 2046 2909 connexis,
2143 2842 2380 2908 Petalis
2440 2846 2668 2926 roseis,
2721 2844 2892 2908 striis
2945 2846 3280 2929 purpureis
3334 2848 3595 2928 ornatis,
3659 2846 3999 2914 filamentis
4058 2851 4379 2915 teretibus.

468 2950 767 3033 Squamis
817 2949 1428 3032 laminaeformibus,
1481 2949 1733 3029 erectis,
1786 2964 1988 3030 paene
2043 2947 2516 3030 quadrangulis.
2620 2947 2919 3012 Germine
2972 2948 3097 3013 late
3150 2953 3363 3032 ovato,
3429 2968 3630 3035 paene
3690 2951 4125 3031 rhomboideo,
4184 2954 4380 3019 dense

467 3052 1117 3137 glanduloso-pilosO,
1180 3052 1389 3117 subito
1443 3053 1513 3116 in
1572 3051 1739 3132 stylo
1801 3055 2141 3114 contracto.
2231 3050 2467 3115 Petalis
2519 3051 2916 3134 lanceolatis,
2969 3053 3376 3134 acuminatis,
3420 3072 3623 3136 paene
3666 3055 3854 3139 triplo
3912 3075 4103 3137 quam
4158 3057 4378 3139 calyce

467 3156 881 3241 longioribus.
969 3154 1165 3220 Foliis
1217 3153 1511 3219 rosulatis
1564 3153 1880 3237 oblongis,
1935 3152 2213 3218 breviter
2265 3154 2667 3235 acuminatis,
2721 3154 2881 3218 ciliis
2942 3153 3402 3239 eglandulosis,
3458 3162 3570 3222 aut
3627 3157 3829 3224 multo
3877 3158 4273 3242 longioribus
4316 3165 4381 3226 et

466 3260 884 3325 validioribus
926 3278 1116 3342 quam
1157 3259 1304 3342 pilis
1343 3277 1536 3342 super
1572 3257 1758 3321 faciei
1796 3243 2099 3321 foliorum
2128 3262 2240 3321 aut
2281 3256 2687 3322 brevissimis
2740 3256 2935 3322 Foliis
2972 3258 3269 3337 caulinis,
3308 3259 3605 3335 bracteis,
3642 3262 3880 3341 calycis
3910 3262 4160 3326 laciniis
4189 3282 4377 3348 saepe

464 3365 720 3448 punctis
756 3363 964 3427 rubris
1010 3363 1246 3426 ornatis
1293 3366 1357 3425 et
1400 3362 1466 3424 in
1512 3361 1804 3425 acumine
1848 3360 2083 3438 rubris,
2136 3366 2384 3441 cymate
2428 3355 2683 3444 saepius
2727 3380 2810 3425 ex
2849 3360 3051 3424 tribus
3094 3363 3290 3425 ramis
3329 3363 3700 3447 composito,
3743 3363 4078 3429 filamentis
4135 3366 4375 3449 rubris,

466 3469 734 3531 anthera
775 3465 960 3532 lutea.
1049 3465 1406 3529 Altitudine
1452 3465 1574 3528 8—
1601 3464 1680 3527 15
1725 3482 1807 3526 m.

775 3601 942 3667 Flor.
986 3602 1142 3685 Jul.,
1188 3603 1356 3685 Aug.

775 3739 938 3806 Hab.
1026 3739 1105 3803 In
1149 3737 1444 3822 Alpibus:
1492 3738 1708 3819 Tyrol,
1753 3736 2109 3820 Karnthen,
2155 3737 2487 3822 Salzburg,
2531 3737 2832 3803 Schweiz.

874 3876 1046 3940 Icon.
1102 3882 1145 3938 t.
1203 3876 1299 3939 70.
1386 3875 1620 3942 Planta
1669 3873 1900 3940 florens
1943 3890 2083 3940 oum
2123 3875 2360 3941 rosulis
2382 3873 2700 3970 ‚novellim
2793 3875 2848 3939 1.
2904 3875 3056 3939 Flos
3099 3875 3347 3939 dissect.
3437 3879 3493 3940 2.
3550 3876 3914 3962 Carpellum
3968 3878 4193 3944 eadem
4249 3900 4377 3962 qua

467 3983 565 4042 est
606 3979 674 4041 in
719 3983 947 4042 natura
991 3979 1433 4062 magnitudine
1477 3983 1541 4043 et
1584 3982 1789 4041 aucta.

773 4164 1264 4252 sempor-vntum
1310 4165 1568 4236 Braunll
1616 4165 1810 4236 Funk.

775 4302 1011 4368 Petalis
1055 4310 1120 4368 et
1162 4304 1401 4386 calycis
1445 4304 1693 4369 laciniis
1743 4305 1820 4368 12
1866 4302 1969 4368 vel
2014 4301 2328 4386 pluribus,
2373 4323 2517 4367 raro
2561 4305 2993 4388 paucioribus,
3036 4304 3321 4369 stellatis.
3417 4304 3727 4389 Carpellis
3771 4306 3839 4369 in
3883 4306 4019 4370 basi
4065 4309 4376 4391 connatis,

465 4406 946 4489 divergentibus
977 4414 1043 4472 et
1071 4407 1580 4492 assurgentibus,
1611 4426 1804 4490 supra
1834 4406 2091 4489 oblique
2121 4408 2455 4488 truncatis,
2483 4407 2554 4471 in
2586 4408 2871 4490 margine
2901 4413 3189 4472 extremo
3214 4408 3467 4490 ciliatis,
3499 4427 3629 4472 non
3660 4428 3963 4475 araneose
3993 4412 4375 4495 coniunctiS,

466 4530 659 4592 quam
708 4510 769 4576 S.
816 4511 1102 4595 rupicolo
1148 4510 1340 4575 Kern.
1385 4510 1807 4593 tenuioribuS,
1861 4511 2201 4574 eoarinatis
2248 4510 2469 4575 obtuse
2531 4511 2923 4592 marginatis,
2976 4512 3309 4592 utriusque
3362 4511 3585 4576 eodem
3643 4512 3830 4575 modo
3875 4514 4209 4595 convexis,
4262 4533 4377 4598 per

463 4619 658 4677 totam
706 4612 1108 4696 superficiem
1152 4614 1347 4678 dense
1392 4613 2062 4698 glanduloso-pilosiS,
2107 4613 2543 4694 acutiusculiS,
2589 4632 2797 4695 neque
2842 4632 2990 4680 vero
3032 4615 3100 4677 in
3146 4632 3418 4679 acumen
3461 4615 3757 4697 ligulatis
3817 4615 4071 4698 Calycis
4125 4616 4374 4682 laciniis

462 4715 767 4781 tenuibus
795 4721 860 4781 et
886 4715 1120 4801 longis,
1158 4716 1495 4783 filamentis
1533 4715 1708 4781 albis.
1768 4715 2005 4782 Petalis
2035 4716 2116 4779 ad
2156 4716 2446 4801 duplum,
2478 4716 2717 4799 calycis
2754 4716 2999 4781 laciniis
3028 4717 3437 4801 longioribus.
3484 4717 3781 4782 Germine
3812 4717 4068 4801 obliquo
4100 4719 4372 4803 oblongo

462 4818 663 4884 dense
716 4818 1358 4905 glanduloso-piloso.
1446 4820 1642 4885 Foliis
1702 4820 1973 4885 caulinis
2034 4820 2470 4903 superioribus
2530 4838 2565 4884 e
2619 4818 2841 4884 latiore
2896 4819 3033 4883 basi
3086 4826 3274 4884 ovata
3326 4819 3714 4902 lanceolatis,
3781 4821 4027 4904 patulis.
4114 4820 4373 4886 Rosulis

459 4922 693 5006 parvis.
782 4922 1133 4988 Altitudine
1199 4924 1425 4987 5-15
1489 4942 1608 4987 cm.
1697 4922 1936 4989 Petalis
1986 4921 2238 4986 luteolis
2298 4921 2401 4985 vel
2456 4921 2849 4987 ochroleucis
2908 4924 3162 5005 prasina
3213 4922 3368 4986 stria
3421 4921 3654 4986 dorsali
3710 4923 3965 4986 ornatis.
4073 4921 4373 5006 Squamis

460 5024 867 5110 hygpogynis
910 5043 1111 5110 paene
1156 5025 1495 5109 quadratis.
1582 5025 1954 5090 Filamentis
1994 5025 2164 5089 infra
2207 5027 2604 5110 compressis,

771 5161 1181 5246 Sempervivo
1225 5161 1491 5227 Braunii
1537 5161 1729 5227 simul
1774 5160 2208 5226 anumeranda
2251 5180 2391 5226 esse
2435 5162 2758 5226 videntur:

975 5271 1038 5340 a)
1100 5264 1170 5330 S·
1222 5264 1512 5330 Htwm'i
1559 5264 1794 5331 Schott
1849 5264 2073 5349 petalis
2132 5263 2387 5328 luteolis
2450 5265 2784 5348 utriusque
2837 5266 3307 5346 concoloribus,
3369 5267 3540 5331 foliis
3598 5266 3870 5331 caulinis
3932 5267 4372 5351 superioribus

1098 5368 1735 5433 lineari-lanceolatis
1776 5369 1922 5432 latis
1965 5374 2030 5432 et
2071 5369 2349 5451 squamis
2394 5367 2687 5452 oblongis
2731 5369 3188 5435 crassiusculis.
3279 5368 3728 5450 (Steiermark).

976 5472 1033 5550 b)
1107 5472 1174 5538 S.
1206 5471 1509 5538 Gaudio&
1536 5472 1760 5538 Christ
1773 5471 2006 5537 rosulis
2028 5479 2094 5536 et
2113 5471 2338 5556 petalis
2357 5474 2621 5556 magnis,
2649 5492 2843 5557 prope
2868 5472 3052 5557 triplo
3075 5472 3313 5556 calycis
3335 5472 3584 5538 laciniis
3619 5472 4033 5555 longioribus.
4068 5471 4370 5556 (Wallis).
