5023 6409
2390 528 2815 592 -33-

952 713 1439 799 Sempervlvum
1486 710 1909 784 subamarum
1954 712 2149 785 811118.
2219 714 2368 798 Syn.
2414 713 2474 779 S.
2522 715 2913 798 globiferum
2958 714 3110 781 Mill„
3159 715 3297 780 Bot.
3343 714 3506 799 Mag.
3555 715 3739 778 1457.
3816 715 3875 781 S.
3923 722 4030 801 pet
4073 715 4275 782 fimbr.
4322 719 4558 784 sobole.

643 822 971 901 compacta
1013 816 1325 883 Schmied.
1370 818 1447 881 ic.
1494 822 1535 880 t.
1582 816 1681 880 26.

954 954 1189 1019 Petalis
1233 958 1299 1018 et
1340 953 1575 1037 sepalis
1620 972 1762 1037 sex,
1814 955 2272 1038 campanulatis
2317 956 2575 1038 erectis,
2626 956 2692 1017 in
2738 955 3032 1019 acumine
3075 954 3360 1033 retorsis3
3416 955 3712 1039 carpellis
3767 957 3958 1020 rectis
4012 955 4564 1039 accumbentibus,

643 1056 972 1141 paullatim
1022 1058 1091 1120 in
1145 1056 1386 1137 stylum
1440 1057 1807 1139 angustatis.
1913 1057 2110 1122 Foliis
2171 1058 2444 1122 caulinis
2497 1062 2748 1141 praeter
2812 1057 2962 1122 cilia
3008 1057 3383 1140 marginalia
3433 1058 3660 1122 iisdem
3727 1076 3800 1123 ac
3853 1058 4153 1123 rosulatis
4221 1058 4555 1142 utriusque

643 1159 910 1244 glabris;
958 1157 1228 1224 floribus
1280 1159 1701 1242 ochroleucis,
1746 1159 1915 1225 foliis
1956 1159 2255 1225 rosulatis
2300 1162 2534 1225 6-12
2582 1178 2709 1223 mm
2758 1159 2906 1224 latis
2948 1159 3237 1243 oblongis
3282 1161 3487 1224 ovatis
3531 1160 3634 1225 vel
3680 1159 3992 1243 obovatis,
4049 1161 4266 1225 acutis.
4362 1161 4556 1227 Foliis

643 1263 913 1328 caulinis
951 1263 1334 1347 oblongatis,
1364 1263 1768 1345 acuminatis,
1796 1265 2113 1347 supremis
2150 1265 2371 1328 ovatis.
2418 1262 2694 1328 Laciniis
2724 1261 2968 1343 calycis
3005 1261 3267 1345 glabris,
3296 1262 3524 1327 ciliatis
3554 1268 3802 1327 tantum
3815 1314 3830 1345 ,
3861 1263 4125 1328 dimidio
4159 1263 4560 1330 brevioribus

647 1384 838 1446 quam
884 1366 1125 1450 petalis
1213 1365 1572 1431 Altitudine
1617 1368 1846 1430 8-25
1893 1385 2016 1430 cm.

954 1520 1118 1585 Flor.
1160 1520 1318 1603 Ju1.,
1363 1522 1531 1603 Aug.

953 1674 1119 1742 Hab.
1206 1674 1285 1739 In
1337 1674 1629 1759 rupibus,
1682 1673 1956 1740 collibus
2009 1675 2321 1756 arenosis,
2374 1672 2728 1755 Schlesien,
2783 1671 3054 1737 Lausitz.
3154 1672 3230 1737 In
3287 1671 3612 1741 Saxoniat.
3651 1692 3732 1736 an
3787 1674 3910 1739 den
3954 1674 4378 1741 Basaltfelsen
4433 1694 4561 1741 von

648 1775 923 1860 Stolpen.
1011 1775 1091 1841 In
1133 1776 1400 1860 rupibus
1444 1781 1510 1841 et
1550 1778 1782 1861 pinetis
1824 1778 1896 1841 in
1940 1776 2390 1842 Nordbohmen
2438 1775 2947 1859 (Weisswasser,
2990 1775 3406 1859 Hirschberg,
3459 1775 3672 1859 Prag),
3715 1778 3785 1841 in
3830 1777 4189 1842 declivibus
4233 1780 4321 1842 im
4368 1779 4562 1844 Zinn-

646 1879 813 1943 wald
867 1881 958 1943 im
1011 1879 1420 1964 Erzgebirge,
1471 1881 1540 1943 in
1598 1880 1864 1965 rupibus
1916 1881 1987 1944 in
2039 1880 2152 1944 der
2204 1878 2383 1944 Nahe
2438 1880 2552 1943 des
2604 1878 3014 1943 Falkenstein
3067 1897 3172 1941 am
3219 1877 3640 1961 Unterharze,
3693 1879 3782 1942 im
3829 1880 4139 1945 ostlichen
4183 1880 4403 1947 Theile
4449 1881 4563 1948 der

646 1981 922 2049 Provinz
950 1982 1440 2067 Brandenburg,
1481 1983 2067 2067 Hinterpommern,
2107 1983 2324 2047 West-
2363 1982 2497 2046 und
2538 1981 2988 2065 Ostpreussen,
3027 1998 3468 2064 nonumquam
3507 1981 3787 2064 saepius,
3826 1980 4156 2048 bisweilen
4195 1984 4307 2046 auf
4336 1983 4554 2050 Kirch·

646 2084 839 2150 hofen
881 2086 1016 2150 und
1062 2086 1173 2149 auf
1215 2084 1681 2150 Lehmmauern
1729 2084 2150 2170 angepflanzt.

1055 2239 1227 2305 Icon.
1272 2245 1313 2305 t.
1358 2240 1458 2303 66.
1544 2238 1779 2307 Planta
1817 2237 2074 2307 florem.
2168 2240 2222 2305 1.
2270 2238 2435 2303 Flos.
2526 2240 2584 2304 2.
2630 2237 2930 2321 petalum.
3017 2237 3076 2302 3.
3121 2236 3367 2302 folium.

955 2376 1438 2513 Semnoi-vivum
1468 2426 1793 2496 tectorum
1827 2424 1894 2495 Ι..
1955 2426 2167 2491 Sturm
2198 2424 2271 2490 D.
2304 2425 2394 2489 ΕΙ.
2426 2424 2537 2489 v1.
2568 2427 2667 2491 23.
2729 2424 3084 2509 Eng1.Bot
3121 2426 3305 2490 1320.
3365 2423 3454 2488 Fl.
3479 2424 3554 2488 D.
3578 2423 3720 2489 601.
3767 2423 4004 2490 Sedum
4038 2433 4350 2493 tectorum
4380 2428 4561 2514 Scop.

958 2581 1193 2646 Petalis
1251 2582 1329 2644 12
1383 2588 1496 2645 aut
1538 2581 1850 2665 pluribuS,
1904 2600 2046 2644 raro
2100 2579 2527 2665 paucioribus,
2581 2579 2866 2644 stellatis.
2958 2577 3265 2663 Carpellis
3307 2579 3376 2641 in
3421 2578 3555 2643 basi
3600 2580 3915 2658 connatis,
3976 2580 4456 2665 divergentibus
4499 2590 4565 2650 et

649 2683 1154 2767 assurgentibus,
1220 2702 1415 2767 supra
1464 2683 1716 2765 oblique
1771 2684 2107 2763 truncatis,
2171 2684 2241 2747 in
2294 2683 2580 2766 margine
2633 2689 2921 2748 extremo
2982 2682 3144 2746 stilis
3212 2681 3483 2765 singulis
3535 2682 3904 2748 terminatis.
4005 2683 4200 2749 Foliis
4264 2685 4563 2753 rosulatis

648 2787 982 2869 utriusque
1020 2786 1283 2871 glabris,
1326 2787 1393 2849 in
1431 2788 1717 2869 margine
1756 2785 1889 2850 solo
1929 2785 2176 2851 ciliatis.
2236 2784 2474 2850 Petalis
2503 2785 2703 2849 roseis
2743 2783 3388 2849 lineari-lanceolatis
3433 2785 3533 2849 vel
3577 2785 3963 2854 lanceolatis.
4026 2785 4223 2851 Foliis
4266 2789 4568 2855 rosulatis

649 2888 1069 2954 exterioribus
1113 2888 1426 2974 obovatis,
1476 2890 1557 2963 in,
1591 2889 1777 2953 tertia
1829 2895 2005 2973 parte
2048 2889 2251 2973 prima
2302 2886 2651 2970 latissimis,
2716 2890 2782 2951 in
2839 2887 3041 2951 basim
3095 2889 3417 2952 cuneatim
3470 2888 3854 2972 augustalis,
3909 2888 4120 2953 subito
4175 2892 4245 2955 in
4295 2891 4560 2976 longum

650 2991 924 3076 rigidum
1000 3011 1373 3058 mucronem
1447 2992 1850 3075 acuminatis,
1930 2993 2126 3055 multo
2203 2989 2533 3055 latioribus
2607 3009 2798 3072 quam
2871 2989 2930 3055 S.
2999 2990 3390 3075 angustiiolii
3456 2991 3727 3074 prasinis
3794 2991 3896 3055 vel
3974 2993 4560 3077 caeruleoprasinis,

648 3094 1078 3180 eglandulosis
1139 3099 1385 3158 tantum
1447 3095 1593 3177 pilis
1662 3095 1908 3161 ciliatis,
2014 3094 2205 3159 Foliis
2276 3093 2477 3158 multo
2547 3093 2946 3157 brevioribus
3017 3112 3209 3176 quam
3262 3091 3325 3160 S.
3387 3092 3809 3177 angustifolii,
3871 3094 4018 3178 pilis
4080 3096 4334 3179 crassis,
4396 3096 4561 3162 albis

648 3197 1078 3282 eglandulosis
1108 3198 1303 3264 dense
1334 3198 1589 3281 ciliatis,
1628 3198 1876 3283 patulis.
1938 3197 2175 3264 Petalis
2205 3197 2554 3263 lanceolate
2584 3196 2986 3279 acuminatis,
3026 3195 3218 3280 duplo
3256 3195 3653 3281 longioribus
3695 3216 3887 3278 quam
3928 3198 4184 3283 sepalis,
4223 3201 4564 3284 purpureis

647 3301 884 3367 striolis
925 3303 1306 3386 conspersis,
1352 3303 1606 3386 prasina
1648 3303 1866 3366 carina
1911 3302 2147 3366 dorsali
2192 3302 2446 3366 ornatis.
2535 3300 2734 3364 Caule
2780 3299 2979 3364 multo
3023 3302 3333 3365 crassiore
3379 3319 3572 3383 quam
3618 3301 3684 3363 in
3731 3301 3968 3386 speciei
4008 3301 4379 3386 praedictae.

953 3454 1117 3521 Flor.
1163 3455 1206 3520 J
1208 3455 1316 3537 uL,
1361 3457 1525 3539 Aug.

952 3591 1115 3658 Hab.
1176 3592 1253 3657 In
1291 3592 1572 3679 rupibus.
1632 3593 1900 3677 Rhein-,
1938 3592 2205 3674 Mosel-,
2242 3590 2305 3656 N
2307 3590 2571 3655 ahethal.
2630 3589 2858 3672 Aipen.
2918 3587 3157 3673 Haufig
3193 3589 3304 3652 aui
3333 3588 3600 3694 Manem
3639 3590 3774 3655 und
3814 3589 4106 3656 Dachern
4147 3593 4561 3680 angepflanzt.

647 3694 727 3761 In
771 3694 1046 3781 Alpibus
1089 3696 1333 3780 species
1375 3700 1447 3759 ut
1492 3695 1742 3761 videtur
1782 3695 2348 3779 pervulgatissima.
2428 3692 2606 3774 Ost-,
2653 3690 2946 3757 Central-
2992 3691 3124 3754 und
3170 3690 3555 3775 Westalpen.
3613 3692 3694 3757 In
3737 3693 4039 3777 Bavaria,
4082 3694 4399 3764 Dalmatia
4440 3705 4558 3766 etc.

648 3798 747 3863 bis
792 3818 871 3862 zu
916 3798 1083 3862 2200
1131 3817 1192 3861 m
1238 3797 1440 3862 Hohe.
1528 3799 1629 3862 Ad
1676 3797 1737 3866 S.
1784 3804 2095 3864 tectorum
2141 3796 2329 3861 simul
2374 3795 2852 3859 adnumeranda
2895 3812 3035 3858 esse
3079 3794 3406 3896 videntur:

1161 3940 1224 4012 a)
1281 3933 1343 3999 S.
1398 3936 1831 4001 acuminatum
1885 3932 2104 3998 Schott
2155 3932 2327 3997 foliis
2377 3932 2684 4016 paulatim
2735 3933 2804 3996 in
2856 3950 3226 3997 mucronem
3279 3932 3633 4017 longiorem
3686 3935 4036 4018 productis,
4098 3954 4149 4001 e.
4207 3956 4260 4002 c.
4321 3939 4391 4003 in
4444 3938 4559 4004 der

1286 4037 1674 4120 Umgebung
1716 4055 1846 4101 von
1891 4035 2123 4100 Bozen.

1165 4141 1222 4218 b)
1288 4142 1348 4205 S.
1393 4141 1857 4206 Mettenianum
1901 4137 2226 4204 Lehmann
2271 4146 2338 4203 et
2382 4137 2832 4221 Schnittspahn
2876 4136 3150 4202 floribus
3205 4138 3586 4215 minoribus,
3631 4139 3858 4223 petalis
3906 4140 4281 4225 linearibus,
4324 4142 4558 4226 rosulis

1280 4243 1635 4309 minoribus
1673 4248 1737 4307 et
1772 4242 2191 4326 planioribus,
2231 4241 2460 4306 rosulis
2487 4240 2761 4306 novellis
2792 4239 3009 4305 densis
3037 4239 3477 4323 circumdatis,
3515 4241 3687 4305 foliis
3715 4243 3990 4308 caulinis
4019 4244 4556 4312 accumbentibus.

1283 4365 1337 4411 e.
1382 4365 1435 4414 c.
1482 4346 1592 4410 aui
1635 4345 1780 4410 dem
1824 4343 2242 4410 Klobenstein
2286 4345 2354 4407 in
2401 4343 2719 4427 Siidtyrol.

1058 4483 1228 4547 Icon.
1274 4487 1315 4546 t.
1361 4483 1461 4546 67.
1545 4481 1775 4549 Planta
1816 4484 2068 4549 florens.

954 4669 1439 4756 sompes-vivum
1487 4670 1856 4739 montanum
1905 4668 1971 4738 Ι..
2059 4670 2238 4752 Jacq.
2287 4688 2340 4731 a
2388 4688 2525 4752 app.
2572 4673 2610 4730 t
2657 4669 2757 4732 41.
2846 4667 3062 4733 Stin-m
3105 4667 3182 4734 D.
3228 4668 3317 4734 Fl.
3362 4669 3485 4751 VI,
3530 4672 3634 4734 23.

956 4805 1194 4874 Petalis
1252 4810 1329 4871 12
1383 4807 1487 4872 vel
1542 4807 1861 4892 pluribus,
1925 4827 2067 4871 raro
2126 4807 2555 4892 paucioribus,
2617 4804 2904 4886 stellatiS,
2965 4807 3261 4888 carpellis
3310 4807 3380 4872 in
3432 4806 3566 4872 basi
3623 4811 3912 4874 connatis
3964 4810 4442 4894 divergentibus
4494 4817 4561 4876 et

647 4910 1151 4994 assurgentibus,
1218 4930 1411 4995 supra
1469 4910 1726 4993 oblique
1780 4911 2113 4995 truncatis,
2182 4912 2252 4974 in
2317 4911 2601 4993 margine
2655 4913 2938 4973 extremo
2995 4908 3160 4972 stilis
3223 4910 3492 4994 singulis
3546 4911 3914 4977 terminatis.
4012 4912 4205 4978 Foliis
4260 4914 4559 4979 rosulatis

644 5014 981 5095 utriusque
1025 5014 1261 5098 glabris
1303 5014 1406 5078 vel
1449 5021 1618 5079 certe
1670 5015 1837 5078 infra
1877 5014 2523 5098 glanduloso-pilosis
2574 5020 2638 5076 et
2688 5013 2755 5074 in
2801 5012 3085 5093 margine
3129 5013 3383 5095 ciliatis,
3436 5031 3569 5078 non
3620 5033 3921 5080 araneose
3975 5017 4300 5081 connexis.
4387 5016 4556 5081 Fila-

645 5116 878 5179 mentis
929 5116 1260 5197 teretibus3
1330 5118 1612 5198 squamis
1666 5116 2084 5181 laminaribus
2138 5117 2367 5181 erectis
2430 5133 2630 5199 paene
2692 5112 3159 5196 quadrangulis
3260 5115 3564 5182 Germine
3631 5117 3889 5199 obliquo
3956 5118 4263 5203 oblongo;
4329 5119 4555 5204 petalis

646 5217 1012 5282 lanceolatis
1055 5218 1604 5300 subuliformibus,
1651 5219 2062 5302 acutissimis,
2107 5219 2463 5303 quadruplo
2507 5235 2708 5301 paene
2754 5233 2947 5297 quam
2991 5217 3210 5298 calyce
3253 5218 3672 5302 longioribus,
3718 5219 3990 5285 lilacinis
4035 5222 4206 5286 striis
4249 5222 4555 5287 violaceis

647 5319 901 5384 ornatis.
997 5320 1191 5385 Foliis
1249 5323 1547 5386 rosulatis
1600 5321 1891 5406 oblongis
1945 5321 2471 5403 cuneiformibus,
2523 5320 2804 5385 breviter
2864 5319 3267 5400 acuminatis,
3328 5323 3492 5386 ciliis
3544 5323 3660 5387 vix
3710 5323 4108 5408 longioribus
4163 5343 4354 5407 quam
4408 5325 4555 5408 pilis

645 5423 834 5487 faciei
876 5422 1192 5486 foliorum.
1282 5424 1473 5489 Foliis
1517 5424 1787 5489 caulinis
1831 5424 2147 5509 oblongis,
2190 5426 2417 5491 erectis
2461 5429 2609 5489 ante
2652 5419 2995 5488 latioribus.
3084 5422 3446 5491 Altitudine
3488 5427 3529 5489 8
3543 5463 3626 5474 —
3640 5427 3720 5490 15
3765 5446 3885 5496 cm.
