5023 6409
2432 499 2860 561 ...24—

1009 682 1308 747 Formae:

1114 802 1180 885 a)
1235 803 1470 887 major.
1576 804 1637 881 b)
1692 805 1932 869 minor.
2035 808 2096 889 c)
2133 807 2413 890 pus-illa.
2505 806 2572 889 d)
2626 807 2984 892 scapoides.
3086 807 3143 891 e)
3200 808 3372 873 laxa.

1007 956 1172 1022 Hab.
1260 956 1339 1021 In
1385 957 1753 1023 Germania:
1800 957 2293 1044 Riesengebirge
2336 960 2405 1023 in
2450 960 2564 1025 der
2608 959 2712 1027 Gr.
2755 960 2892 1026 und
2936 961 3039 1027 Kl.
3086 961 3555 1046 Schneegrube,
3611 961 3717 1027 Gr.
3762 961 4208 1046 Sturmhaube,
4251 961 4352 1027 Kl.
4396 961 4605 1046 Teich‚

705 1058 1195 1144 Wiesenbaude,
1238 1059 1688 1146 Kesselgrube,
1731 1061 2193 1147 Riesengrund,
2236 1061 2571 1147 Elbwiese,
2616 1062 2863 1149 [sanger
2907 1063 3161 1145 Grund3
3230 1065 3342 1129 auf
3397 1065 3513 1129 der
3566 1064 3671 1130 Gr.
3714 1065 4048 1132 Iserwiese
4092 1067 4303 1132 2400'.
4390 1064 4611 1130 Karls-

704 1161 928 1247 berger
978 1162 1369 1229 Hochebene
1424 1164 1536 1230 des
1588 1164 2131 1250 Spiegelgebirges
2181 1184 2303 1251 gen
2359 1164 2647 1231 Machau
2736 1167 2958 1232 Baden
3009 1167 3099 1231 im
3152 1166 3616 1233 Schwarzwald
3669 1188 3773 1232 am
3829 1168 3882 1234 F
3881 1169 4157 1254 eldberg.
4242 1168 4609 1234 Torimoore

701 1264 805 1330 bei
848 1265 1191 1349 Villingen.
1280 1267 1379 1332 Im
1434 1267 1650 1333 Elsass
1700 1268 1770 1332 in
1814 1268 1939 1333 den
1997 1268 2293 1353 Vogesen
2346 1269 2458 1334 auf
2511 1268 2737 1334 Granit
2787 1289 2892 1333 am
2945 1268 3320 1353 Hoheneck‚
3364 1268 3722 1356 Wormspel
3768 1272 3904 1336 und
3957 1271 4207 1337 Rotben
4251 1270 4443 1337 Bach.
4531 1270 4609 1335 In

703 1369 959 1452 Bayern
1006 1388 1090 1435 an
1134 1370 1344 1436 vielen
1392 1370 1607 1451 Orten,
1652 1371 1886 1436 ebenso
1930 1373 1999 1436 in
2045 1371 2438 1438 Oesterreich
2485 1372 2618 1437 und
2663 1371 3259 1439 Niederosterreich.
3349 1373 3423 1437 In
3471 1373 3584 1438 der
3628 1371 3927 1440 Schweiz.

2284 1543 2602 1609 Formae
2647 1543 3048 1628 hybridae:

1606 1663 1679 1729 Ε.
1726 1664 2156 1729 alsinefolium
2208 1675 2278 1740 ><
2329 1663 2896 1749 anagallidifolium
2942 1684 2999 1726 v.
3044 1662 3117 1727 E.
3164 1662 3590 1729 alsinefolium
3634 1664 3785 1735 Vill.

1608 1767 1680 1832 Ε.
1727 1767 2294 1853 anagallidifolium
2340 1780 2425 1843 ><
2468 1766 2928 1834 Hornemanni.

1609 1869 1680 1935 E.
1726 1871 2293 1956 anagallidifolium
2341 1883 2420 1942 ><
2465 1878 2716 1936 nutans.

1113 2024 1266 2090 Icon
1310 2030 1351 2090 t.
1400 2026 1497 2089 19.
1583 2025 1817 2094 Planta
1879 2025 2234 2094 fi'uofflera.
2349 2028 2401 2089 1.
2457 2025 2722 2091 Plantae
2782 2027 3101 2091 floriferae
3159 2046 3342 2112 apex,
3431 2030 3490 2093 2.
3533 2028 3801 2095 Folium.
3892 2030 3947 2093 3.
3994 2028 4230 2095 Semen
4283 2029 4491 2093 antice
4544 2033 4610 2093 et

1597 2149 1636 2193 a
1678 2129 1874 2196 latere
1927 2131 2153 2195 visum.

2208 2352 2310 2466 Β.
2398 2350 2963 2467 Oenothera
3026 2351 3120 2466 Ι..

1008 2578 1227 2645 Tubus
1271 2579 1507 2663 calycis
1551 2580 1912 2666 elongatus:
1960 2582 2221 2667 capsula
2264 2583 2554 2668 oblonga,
2600 2583 2734 2649 basi
2780 2583 2994 2668 paullo
3040 2582 3330 2665 crassior,
3374 2600 3592 2648 semen
3639 2583 3777 2648 sine
3821 2601 4020 2647 coma.

1012 2731 1381 2806 ssenofllora
1424 2733 1677 2806 biennis
1725 2734 1792 2805 Ι..
1880 2735 2032 2822 Syn.
2123 2735 2378 2822 Onagra
2420 2737 2673 2804 biennis
2717 2736 2988 2823 Scopoli.

1012 2872 1207 2939 Caule
1273 2874 1687 2959 holosericae,
1751 2874 2170 2959 longioribus,
2235 2876 2306 2941 in
2371 2875 2723 2941 tuberculis
2787 2875 3115 2941 sessilibus
3165 2874 3452 2941 crinibus
3514 2894 3882 2961 consperso;
3950 2874 4122 2941 foliis
4185 2876 4610 2959 denticulatis,

704 2976 915 3062 paullo
948 2976 1244 3061 ligulatis,
1277 2977 1518 3043 infimis
1547 2978 1734 3063 primi
1765 2978 1919 3043 anni
1950 2977 2244 3063 ellipticis
2274 2999 2334 3042 v,
2364 2977 3398 3064 oblongo-inverso-oviformibus,
3428 2977 3690 3063 obtusis,
3720 2980 3952 3061 acutis;
3985 2978 4208 3064 petalis
4235 2978 4612 3044 staminibus

705 3079 1133 3164 longioribus3
1180 3079 1417 3145 corolla
1460 3081 1643 3165 flava,
1688 3100 1935 3166 magna.
2023 3081 2462 3166 Magnitudine
2508 3082 2885 3166 0,60-1,00
2917 3101 2998 3146 m.

1010 3218 1174 3286 Flor.
1219 3219 1262 3284 J
1263 3220 1621 3305 un.-Aug.

1010 3354 1302 3421 Formae:

1116 3477 1182 3559 a)
1232 3478 1604 3563 parvislora
1651 3481 1727 3543 A.
1774 3477 1948 3562 Gray
1992 3479 2220 3564 petalis
2264 3481 2397 3544 fere
2441 3478 2649 3563 longis
2693 3476 3086 3542 staminibus.

1008 3631 1167 3698 Hab.
1257 3632 1337 3697 In
1390 3638 1520 3698 tota
1570 3633 1825 3718 Europa
1880 3653 1964 3698 ex
2016 3653 2185 3699 anno
2236 3636 2400 3698 1614
2454 3633 2534 3698 ad
2588 3633 2783 3718 ripae,
2844 3632 2914 3695 in
2968 3631 3179 3698 arenis
3233 3632 3416 3713 quasi
3472 3636 3724 3714 sponte3
3794 3648 3980 3715 saepe
4047 3632 4304 3696 nomine
4355 3605 4608 3716 Bapen-

704 3737 829 3799 tic'a
873 3735 1061 3800 culta

1114 3854 1268 3919 Icon
1313 3860 1352 3919 t.
1400 3856 1499 3920 20.
1587 3854 1821 3923 Planta
1861 3855 2114 3937 florens,
2159 3853 2363 3923 radix.
2454 3856 2505 3921 1.
2538 3853 2847 3919 Petalum„
2937 3855 2993 3919 2.
3025 3852 3173 3918 Flos
3217 3853 3542 3938 periantho
3574 3853 3873 3937 privatus.
3951 3855 4005 3919 3.
4038 3852 4317 3920 Germen
4361 3853 4608 3918 dissect.

1015 4076 1387 4147 oenathera
1452 4076 1773 4148 muricula
1840 4077 1907 4150 Ι..
2002 4078 2199 4144 Caule
2264 4079 2467 4164 piloso
2531 4098 2854 4165 purpureo
2920 4077 3517 4161 muricato-aspem.
3613 4076 3810 4142 Foliis
3888 4077 4077 4160 primi
4152 4078 4304 4142 anni
4366 4076 4613 4141 infimis

710 4180 1444 4265 elongato-lanceolatis,
1511 4182 1916 4255 acuminatis:
1987 4182 2214 4266 petalis
2268 4181 2647 4265 aequalibus
2690 4182 2792 4248 vel
2859 4181 3071 4267 paullo
3115 4180 3492 4245 staminibus
3553 4180 3965 4264 longioribus.
4029 4187 4082 4243 O
4133 4179 4410 4245 Habitus
4455 4178 4609 4245 Oen.

707 4282 961 4348 biennis
1004 4283 1198 4349 flores
1240 4284 1393 4348 flavi
1435 4285 1637 4350 multo
1682 4286 1980 4368 minores,
2024 4285 2180 4350 folia
2223 4285 2615 4371 angustiora;
2663 4284 2998 4351 altitudine
3041 4283 3420 4368 0,60—1,00
3451 4304 3530 4349 m.

1014 4420 1176 4488 Flor.
1222 4421 1266 4486 J
1267 4421 1628 4507 un.—Sept„

1014 4557 1176 4624 Hab.
1264 4558 1363 4624 Ad
1406 4559 1594 4643 ripas,
1634 4559 1709 4622 in
1753 4559 2073 4643 glareosis.
2162 4559 2242 4624 In
2286 4559 2654 4625 Germania:
2701 4559 2780 4624 ad
2827 4559 3039 4626 Albim
3087 4558 3166 4625 ab
3209 4559 3522 4625 Tetschen
3566 4578 3770 4642 usqne
3814 4559 3895 4624 ad
3939 4557 4338 4625 Blankenese
4381 4559 4610 4644 partim

707 4684 927 4750 saepe,
991 4664 1062 4727 in
1126 4662 1304 4727 silvis
1370 4663 1687 4744 arenosiS,
1753 4661 1834 4726 ad
1894 4662 2382 4728 Francofurtum
2444 4663 2799 4729 secundum
2879 4664 3047 4727 viam
3109 4661 3416 4729 ferratam'
3479 4661 3696 4728 Moeni
3764 4668 3829 4727 et
3900 4661 4106 4747 Nicri,
4180 4662 4459 4727 solitarie
4532 4661 4611 4725 ad

706 4768 923 4851 Bonn,
965 4765 1212 4848 Berlin,
1265 4764 1550 4830 BreslaU.
1635 4765 2078 4851 Lotharingia:
2133 4766 2313 4832 Metz.
2401 4766 2675 4831 Alsatia:
2733 4765 2896 4850 Ripa
2938 4766 3076 4830 Illis
3129 4765 3208 4829 ad
3253 4763 3570 4850 Horburg.
3659 4763 3909 4830 Baden:
3965 4763 4300 4850 Freiburg,
4358 4763 4612 4830 Kaiser-

708 4872 897 4954 stuhl,
940 4869 1308 4953 Karlsruhe‚
1337 4868 1723 4934 Mannheim.
1796 4870 2287 4954 Vurtemberga:
2335 4868 2498 4955 Ripa
2527 4867 2809 4934 Danubii
2838 4873 2904 4932 et
2932 4867 3100 4932 Iller.
3177 4867 3476 4931 Bavaria:
3525 4867 4022 4951 Heimerdingen
4052 4867 4134 4932 ad
4163 4866 4608 4952 Memmingen.

707 4974 1053 5059 Dillingen,
1097 4971 1663 5056 Dinkelscherben,
1708 4971 2016 5057 Neuburg
2059 4992 2111 5039 a.
2158 4972 2232 5038 D.
2322 4972 2528 5037 Melae
2573 4973 2786 5037 fratris
2830 4970 2909 5035 ad
2957 4970 3312 5035 Monacum.

2318 5160 2589 5227 Forma
2630 5159 2983 5244 hybrida:

2231 5280 2301 5347 Ο.
2349 5279 2602 5346 biennis
2646 5293 2730 5355 ><
2774 5281 3098 5347 muricata.
3215 5307 3240 5348 ,κ

1119 5435 1289 5499 Icon.
1334 5441 1374 5501 t.
1422 5437 1520 5502 21.
1609 5436 1840 5504 Planta
1881 5436 2127 5506 florens.
2225 5441 2276 5504 l.
2322 5439 2470 5505 Flos
2516 5434 2764 5500 dissect„
2855 5439 2910 5501 2.
2955 5436 3261 5501 Petalum.
3352 5436 3407 5500 3.
3456 5433 3743 5517 Capsula.
3833 5437 3891 5498 4.
3938 5435 4185 5501 Semen.
