5023 6409
2458 487 2888 552 ...36-

735 676 963 759 acutis,
1003 678 1291 761 margine
1334 680 1399 741 et
1440 677 1617 762 apice
1661 675 2089 760 cartilagineis
2130 676 2520 759 incrassatis,
2563 674 2735 741 linea
2775 672 3065 739 mediana
3115 691 3411 738 concava
3498 671 3738 738 Petah's
3789 670 3892 738 bis
3940 671 4160 753 calyce
4212 668 4624 755 longioribus,

736 779 973 863 aureis,
1034 780 1260 861 acutis,
1323 780 1646 863 carinatis,
1704 779 2117 844 uninervatis.
2210 777 2550 843 Fructibus
2609 775 3126 861 subglandulosis
3188 777 3604 860 exasperatis,
3666 774 4019 841 seminibus
4078 771 4628 858 longitudinaliter

736 882 1009 948 costatis.
1093 881 1451 949 Altitudine
1494 882 1885 965 0,15—0,30
1928 901 2009 945 m.

1039 1016 1202 1083 Flor.
1247 1018 1291 1083 J
1292 1018 1449 1101 ulio,
1491 1020 1805 1103 Augusto.

1041 1155 1203 1222 Hab.
1293 1155 1373 1221 In
1425 1155 1584 1220 locis
1634 1154 1891 1239 apricis,
1942 1152 2363 1240 rupem-ihm,
2412 1153 2483 1217 in
2535 1152 2820 1217 arenosis
2871 1170 3114 1236 sparse,
3175 1168 3379 1234 nuper
3443 1148 3700 1215 demum
3754 1150 4044 1235 protinus
4094 1148 4505 1234 progrediens
4557 1150 4625 1213 in

734 1259 1031 1343 regiones
1059 1260 1226 1324 inter
1255 1258 1714 1342 septentriones
1743 1261 1808 1321 et
1836 1276 2131 1322 occasum
2159 1256 2311 1322 solis
2339 1261 2404 1322 et
2429 1254 2971 1339 septentrionales.
3030 1251 3361 1335 Siidtyrol,
3398 1249 3709 1334 Schweiz,
3746 1250 4136 1336 Dalmatien,
4173 1251 4482 1318 Kroatien
4509 1257 4624 1318 etc.

1043 1394 1339 1461 Formae:
3909 1449 3915 1455 .

1247 1496 1314 1574 α)
1368 1497 1573 1563 viride
1624 1496 1824 1562 Koch.
1910 1495 2106 1561 Foliis
2155 1495 2319 1560 laete
2368 1493 2711 1576 viridibus,
2765 1492 2846 1558 ad
2900 1492 3266 1578 exemplum
3318 1493 3388 1557 in
3430 1490 3699 1577 rupibus
3750 1495 3815 1557 et
3866 1492 4153 1557 arenosis
4203 1497 4268 1557 et
4318 1510 4508 1576 saepe
4558 1493 4630 1555 in

1373 1602 1570 1666 hortis
1613 1602 1935 1683 murisque
1977 1599 2097 1665 sub
2142 1599 2400 1664 nomine
2447 1595 2913 1683 „Tripmadaw
2955 1595 3218 1661 cultum.

1270 1705 1328 1785 b)
1374 1710 1664 1789 rupestre
1706 1702 1775 1768 L
1820 1703 2129 1788 (species).
2216 1701 2413 1766 Foliis
2467 1697 3123 1766 caeruleo-viridibus
3175 1697 3280 1763 vel
3332 1698 3586 1781 caesiis,
3651 1698 3720 1762 in
3771 1697 4064 1782 rupibus,
4109 1697 4288 1762 silvis
4340 1698 4633 1781 aceresia

1370 1808 1442 1871 in
1484 1806 1768 1871 arenosis
1810 1823 1944 1870 non
1986 1824 2147 1869 raro.

1147 1944 1318 2009 Icon.
1364 1950 1404 2009 t.
1451 1945 1551 2009 60.
1636 1941 1867 2010 Planta
1907 1941 2157 2010 florida.
2250 1943 2303 2007 1.
2348 1938 2511 2006 Flos.
2601 1942 2659 2002 2.
2704 1937 2990 2003 Fructus.

1041 2131 1275 2202 Sotium
1323 2129 1592 2217 91998118
1638 2129 1772 2218 Lol.
1856 2129 2009 2213 Syn.
2054 2128 2116 2194 S.
2159 2129 2542 2197 trevericum
2588 2125 2897 2192 Rosbach.

1039 2268 1412 2334 Rhizomate
1442 2274 1663 2349 tenue,
1698 2265 2050 2333 caudiculis
2086 2264 2409 2332 sterilibus
2444 2261 2942 2350 globiformibus.
3001 2261 3195 2328 Foliis
3223 2263 3493 2345 glaucis,
3533 2261 4312 2344 linearibus-lanceolatis,
4352 2262 4634 2328 breviter

733 2370 1150 2453 mucronatis,
1186 2371 1490 2453 utrinque
1517 2370 1779 2455 paulum
1807 2368 2039 2454 planis,
2075 2368 2215 2432 basi
2242 2367 2581 2453 protensis,
2621 2365 3073 2432 subcalcaratis
3099 2386 3425 2432 ramorum
3453 2384 3584 2431 non
3613 2365 3981 2433 florentium
4012 2367 4209 2434 dense
4251 2367 4631 2447 imbricatis;

734 2473 971 2558 calycis
1014 2473 1265 2538 laciniis
1307 2471 1968 2552 rotundato-obtusis3
2014 2470 2239 2557 petalis
2283 2469 2600 2553 oblongis,
2645 2468 2744 2533 bis
2787 2468 3007 2552 calyce
3035 2469 3455 2554 longioribus,
3498 2470 3723 2536 aureis.
3782 2469 4079 2536 Floribus
4108 2471 4334 2556 exigue
4364 2489 4634 2536 suaveo-

734 2575 1029 2641 lentibus.
1115 2575 1477 2641 Altitudine
1521 2574 1913 2658 0,15—0‚30
1958 2593 2040 2637 m.

1043 2710 1205 2777 Flor.
1247 2711 1469 2795 Junio,
1511 2711 1712 2789 Julio,
1758 2712 2066 2794 Augusto.

1041 2847 1203 2914 Hah.
1302 2848 1405 2913 Ad
1472 2846 1749 2914 Coblenz
1819 2848 1889 2911 in
1954 2846 2152 2933 pratis
2214 2844 2844 2911 Escherfeldensibus
2902 2847 3214 2911 montium
3269 2844 3609 2930 Longanae
3668 2848 3836 2913 inter
3886 2846 4042 2911 Ems
4101 2853 4168 2913 et
4216 2846 4278 2912 N
4279 2847 4634 2913 iederlahn-

737 2953 920 3035 stein,
947 2952 1018 3015 in
1047 2957 1260 3017 monte
1289 2951 1760 3031 Fachbachensi
1788 2951 1896 3015 via
1923 2950 2003 3016 ab
2033 2949 2581 3015 Ehrenbreitstein
2611 2948 2693 3013 ad
2722 2947 2895 3029 Eme,
2921 2950 2991 3013 in
3021 2948 3181 3014 silva
3213 2946 3386 3014 Soon
3412 2949 3496 3013 ad
3524 2948 3795 3035 Bingen,
3823 2949 3892 3013 in
3922 2949 4090 3015 valle
4117 2950 4403 3016 fluminis
4432 2946 4492 3016 N
4493 2953 4632 3032 abe,

737 3074 848 3139 per
892 3059 1057 3119 totos
1101 3059 1351 3120 montes
1393 3053 1726 3119 vulcanios
1769 3053 1883 3119 der
1925 3052 2115 3135 Eifel,
2157 3051 2508 3117 Hunsrilck
2553 3057 2619 3117 et
2661 3053 3028 3138 saepissime
3070 3052 3151 3115 ad
3192 3052 3383 3121 Trier.

1040 3191 1334 3257 Formae:

1250 3294 1310 3377 b)
1388 3313 1655 3362 aureum
1720 3293 2033 3378 Wirtgen.
2141 3292 2491 3358 Caudiculo
2559 3291 2828 3376 pumi10,
2893 3291 3299 3371 ascendente,
3369 3293 3624 3359 inverso
3690 3295 3942 3377 conicO,
4014 3294 4185 3360 foliis
4255 3294 4633 3360 linearibus-

1388 3396 1781 3478 lanceolatis,
1849 3415 2042 3480 supra
2102 3395 2335 3480 planis,
2400 3394 2630 3459 subtus
2694 3394 3150 3474 subconvexis,
3223 3401 3408 3461 acute
3475 3396 3776 3474 aristatis,
3849 3396 4018 3462 cauli
4082 3397 4367 3464 florifero
4433 3398 4633 3464 dense

1387 3498 1930 3582 accumbentibus,
1972 3498 2349 3582 plerumque
2378 3497 2738 3583 purpureis,
2776 3504 3062 3563 ceterum
3107 3497 3377 3563 obscure
3406 3497 3745 3582 viridibus,
3788 3498 3928 3564 basi
3965 3499 4200 3565 calcari
4236 3501 4631 3584 acuminato3

1385 3602 1592 3685 cymis
1629 3601 2031 3680 ebracteatis,
2073 3601 2268 3664 ramis
2309 3604 2457 3684 post
2496 3600 2965 3665 florescentiam
3008 3599 3654 3684 glomeruliformibus
3695 3603 4062 3682 contractis3
4109 3602 4350 3686 calycis
4379 3602 4634 3668 laciniis

1387 3703 1827 3786 oviformibus,
1872 3701 2265 3783 subobtusis;
2312 3701 2538 3786 petalis
2582 3700 3365 3786 oblongis-oviformibus,
3409 3701 3671 3768 obtusis.

1148 3840 1323 3906 Icon.
1377 3847 1417 3906 t.
1464 3840 1564 3903 61.
1651 3837 1865 3907 0911113
1913 3837 2200 3906 floridus.
2294 3840 2347 3903 1.
2403 3841 2459 3905 2.
2513 3838 2678 3903 Flos.
2765 3841 2823 3905 3.
2866 3837 3134 3903 Folium.
3221 3842 3283 3905 4.
3330 3858 3368 3904 a
3417 3837 3617 3905 latere
3660 3840 3889 3906 visum.
3978 3841 4032 3905 5.
4087 3840 4316 3906 Caules
4367 3841 4635 3908 steriles.

1042 4026 1277 4097 89611111
1322 4026 1613 4112 ulauwm
1663 4025 1819 4096 Bon.
1903 4026 2052 4111 Syn.
2099 4024 2159 4091 S.
2206 4033 2613 4091 recurvatum
2658 4026 2784 4108 W.,
2837 4025 2897 4092 S.
2943 4031 3232 4109 rupestre
3285 4045 3417 4092 var.
3458 4033 3882 4093 recurvatum.
3971 4026 4166 4093 Rchb.
4209 4027 4291 4112 pl.
4338 4029 4471 4093 crit.
4514 4028 4634 4094 HL

738 4134 813 4196 ic.
859 4133 1002 4199 439.
1089 4131 1272 4216 Engl.
1317 4130 1457 4196 Bot.
1504 4132 1689 4196 2477.
1778 4128 1839 4195 S.
1881 4134 2172 4214 rupestre
2216 4128 2285 4198 L
2332 4148 2461 4193 var.
2505 4128 2821 4214 glaucum.
2909 4127 2971 4195 S.
3019 4127 3338 4194 reflexum
3381 4128 3448 4193 L
3496 4148 3624 4193 var.
3669 4128 3985 4215 glaucum.

1046 4233 1387 4316 Glaucum,
1429 4233 1739 4315 cassium,
1781 4239 2064 4298 ceterum
2105 4238 2179 4298 ut
2224 4232 2285 4297 S.
2329 4231 2648 4297 reflexum
2693 4229 2760 4296 L

1045 4370 1210 4434 Flor.
1251 4370 1296 4435 J
1297 4371 1445 4435 ulio.

1042 4506 1207 4572 Hab.
1295 4505 1694 4590 Marginibus
1738 4507 2043 4571 silvarum
2086 4507 2153 4569 in
2199 4505 2502 4573 arenosis.

1148 4660 1322 4726 Icon.
1354 4666 1396 4725 t.
1427 4660 1527 4724 62.
1585 4660 1819 4728 Planta
1845 4659 2089 4728 florius.
2156 4662 2208 4724 l.
2238 4659 2402 4725 Flos.
2464 4660 2520 4722 2.
2553 4658 2852 4723 Petalum
2881 4676 3029 4722 cum
3060 4659 3347 4723 stamine.
3399 4659 3454 4723 3.
3486 4657 3911 4724 Alabastrum.
3963 4661 4022 4723 4.
4053 4656 4303 4723 Folium
4333 4667 4636 4725 secatum.

1046 4844 1284 4916 89911111
1328 4843 1825 4931 opposfflfonum
1874 4844 1941 4914 Ι..

1049 4949 1353 5015 Caulibus
1396 4948 1774 5015 florentibus
1817 4947 2333 5033 ascendentibus,
2383 4954 2714 5033 praeterea
2754 4949 3175 5033 reptantibus,
3219 4947 3677 5031 radicantibus,
3732 4949 3928 5014 dense
3972 4947 4243 5031 foliosis,
4294 4948 4635 5016 sterilibus.

741 5052 932 5118 Foliis
980 5052 1235 5118 oaulum
1289 5051 1659 5117 florentium
1713 5052 2041 5138 oppositis,
2094 5050 2326 5136 planis,
2379 5052 2690 5136 carnosis,
2741 5053 2807 5116 in
2861 5052 3168 5136 petiolum
3220 5051 3479 5118 brevem
3533 5053 3856 5117 cuneatim
3908 5054 4286 5137 angustatis,
4352 5054 4637 5136 margine

738 5157 946 5220 antico
999 5162 1065 5220 et
1127 5155 1370 5224 laterali
1432 5156 1724 5221 crenatis.
1818 5154 2045 5220 Planta
2098 5154 2349 5236 viridis,
2409 5172 2598 5238 saepe
2650 5152 3059 5237 erubescens,
3116 5154 3353 5239 glabra.
3447 5153 3806 5220 Altitudine
3861 5155 4133 5221 10—25
4184 5173 4304 5222 cm.
4400 5154 4637 5221 Pete-lis

739 5257 996 5341 erectis,
1036 5258 1428 5343 lanceolatis,
1472 5259 1650 5344 apice
1691 5258 1997 5343 gradatim
2045 5258 2424 5341 angustatis,
2468 5256 2710 5341 calycis
2754 5257 3000 5322 laciniis
3042 5259 3435 5323 acuminatis.
3522 5256 3725 5342 Cyma
3766 5257 4136 5342 multiflora,
4178 5258 4413 5344 glabra.

1047 5393 1211 5460 Flor.
1253 5394 1297 5460 J
1299 5394 1457 5477 ulio,
1500 5396 1813 5478 Augusto
